%% some references I used for an ICRA paper, this will be changed

@string{hri = {Proc.\ ACM/IEEE Int'l Conf. on Human-Robot Interaction (HRI)}}
@string{icra = {Proc.\ IEEE Int'l Conf. on Robotics and Automation (ICRA)}}
@string{wafr = {Proc.\ Int'l Work. on Algorithmic Foundations of Robotics (WAFR)}}
@string{rss = {Proc.\ Robotics: Science and Systems (RSS)}}
@string{cdc = {Proc.\ IEEE Conf.\ on Decision and Control (CDC)}}

@article{lozanoperez.wesley.comm_acm79,
	Author = {T. Lozano-Perez and M. A. Wesley},
	Date-Added = {2011-03-29 00:06:55 -0400},
	Date-Modified = {2011-03-29 00:06:55 -0400},
	Journal = {Communications of the ACM},
	Number = {10},
	Pages = {560--570},
	Timestamp = {2010.03.02},
	Title = {An algorithm for planning collision-free paths among polyhedral obstacles},
	Volume = {22},
	Year = {1979}}

@article{schwartz.sharir.adv_app_math83,
	Author = {J. T. Schwartz and M. Sharir},
	Journal = {Advances in Applied Mathematics},
	Pages = {298--351},
	Timestamp = {2010.03.11},
	Title = {On the `piano movers' problem: {II}. {G}eneral Techniques for Computing Topological Properties of Real Algebraic Manifolds},
	Volume = {4},
	Year = {1983}}

@article{kavraki.svetska.ea.tro96,
	Author = {L.E. Kavraki and P. Svestka and J Latombe and M.H. Overmars},
	Journal = "IEEE Transactions on Robotics and Automation",
	Number = {4},
	Pages = {566--580},
	Title = {Probabilistic Roadmaps for Path Planning in High-Dimensional Configuration Spaces},
	Volume = {12},
	Year = {1996}}

@book{canny.book88,
	Author = {J. Canny},
	Publisher = {MIT Press},
	Timestamp = {2010.03.11},
	Title = {The Complexity of Robot Motion Planning},
	Year = {1988}}

@article{karaman.frazzoli.ijrr11,
  Author = {S. Karaman and E. Frazzoli},
  Journal = {International Journal of Robotics Research},
  Month = {June},
  volume = 30,
  number = 7,
  pages = "846-894",
  Title = {Sampling-based Algorithms for Optimal Motion Planning},
  Year = {2011}}

@book{lavalle.book06,
	Author = {S. LaValle},
	Publisher = {Cambridge University Press},
	Timestamp = {2009.11.05},
	Title = {Planning Algorithms},
	Year = {2006}}

@article{lavalle.kuffner.ijrr01,
	Author = {S. M. LaValle and J. J. Kuffner},
	Journal = {International Journal of Robotics Research},
	Month = {May},
	Number = {5},
	Pages = {378--400},
	Timestamp = {2009.11.05},
	Title = {Randomized Kinodynamic Planning},
	Volume = {20},
	Year = {2001}}

@inproceedings{tedrake.rss09,
    author       = {Tedrake, R.},
    title        = {{LQR}-trees: {Feedback} Motion Planning on Sparse Randomized Trees},
    booktitle = rss,
    year         = {2009},
    month        = {June}}

@inproceedings{rplatt.rss10,
    author       = {Platt, R. and Tedrake, R. and Kaelbling, L. and Lozano-Perez, T.},
    title        = {Belief space planning assuming maximum likelihood observations},
    booktitle    = "Proceedings of Robotics: Science and Systems",
    year         = {2010},
    month        = {June}}

@inproceedings{elena.russ.icra10,
    author       = {Glassman, E. and Tedrake, R.},
    title        = {A quadratic regulator-based heuristic for rapidly exploring state space},
    booktitle    = "Proceedings of the IEEE International Conference on Robotics and Automation",
    year         = {2010},
    month        = {May}}

@INPROCEEDINGS{LaVallefromdyn,
    author = {Steven M. Lavalle},
    title = {From dynamic programming to {RRTs}: Algorithmic design of feasible trajectories},
    booktitle = {Control Problems in Robotics},
    year = {2002},
    publisher = {Springer-Verlag}
}

@INPROCEEDINGS{Cheng01,
	author = {Peng Cheng and Steven M. Lavalle},
	title = {Reducing metric sensitivity in randomized trajectory design},
	booktitle = {In IEEE International Conference on Intelligent Robots and Systems},
	year = {2001},
	pages = {43--48}
}
@inproceedings{anytime,
   Author = {S. Karaman and M. Walter and A. Perez and E. Frazzoli and S. Teller},
   Booktitle = {{IEEE} International Conference on Robotics and Automation},
   Title = {Anytime Motion Planning using the {RRT*}},
   Year = {2011}} 
